@inproceedings{smith1998study,
  title={A study of branch prediction strategies},
  author={Smith, James E},
  booktitle={25 years of the international symposia on Computer architecture (selected papers)},
  pages={202--215},
  year={1998}
}
@article{silver2017mastering,
  title={Mastering the game of go without human knowledge},
  author={Silver, David and Schrittwieser, Julian and Simonyan, Karen and Antonoglou, Ioannis and Huang, Aja and Guez, Arthur and Hubert, Thomas and Baker, Lucas and Lai, Matthew and Bolton, Adrian and others},
  journal={nature},
  volume={550},
  number={7676},
  pages={354--359},
  year={2017},
  publisher={Nature Publishing Group}
}
@article{zouzias2021branch,
  title={Branch Prediction as a Reinforcement Learning Problem: Why, How and Case Studies},
  author={Zouzias, Anastasios and Kalaitzidis, Kleovoulos and Grot, Boris},
  journal={arXiv preprint arXiv:2106.13429},
  year={2021}
}
@inproceedings{jimenez2001dynamic,
  title={Dynamic branch prediction with perceptrons},
  author={Jim{\'e}nez, Daniel A and Lin, Calvin},
  booktitle={Proceedings HPCA Seventh International Symposium on High-Performance Computer Architecture},
  pages={197--206},
  year={2001},
  organization={IEEE}
}